@misc{anderson_severson_2025_blade_slice_geometry_slides,
  author       = {Anderson, M. and Severson, E.},
  title        = {Blade Slice Geometry Slides},
  howpublished = {PowerPoint slides},
  year         = {2025},
  month        = {October},
  note         = {University of Minnesota Canvas},
  url          = {https://docs.google.com/presentation/d/1V85uYB8O9VxJnkv1zd2KG4CmbM6mNRvKkKwWiQesC5M/preview},
  urldate      = {2025-10-29}
}
@misc{umn_eolos_research_projects,
  author       = {EOLOS Wind Energy Research Consortium},
  title        = {Ongoing Research Projects},
  year         = {2024},
  url          = {https://eolos.umn.edu/ongoing-research-projects},
  urldate      = {2024-06-04},
  note         = {University of Minnesota}
}
@misc{anderson_severson_2025_project_description,
  author       = {M. Anderson and E. Severson},
  title        = {ME 4053: Fall 2025 Project 2 --- Wind Turbine Analysis},
  year         = {2025},
  month        = {October},
  howpublished = {Course project description, Mechanical Engineering Department, University of Minnesota},
  note         = {Project assignment document providing analysis prompts and deliverables.},
  url          = {https://docs.google.com/document/u/1/d/1kn5A8RRIFd9wLk20vwSZapWOGHTu7_X57gllyGetKDE/edit},
  institution  = {University of Minnesota}
}
@misc{anderson_2024_cylinder_cd_function,
  author       = {M. J. Anderson},
  title        = {MATLAB function: cylinderCD},
  year         = {2024},
  month        = {October},
  howpublished = {MATLAB code},
  note         = {Function to compute the drag coefficient for a cylinder in cross flow; authored for wind turbine analysis project. Includes references to White (2006) and Cheng (2013).},
  institution  = {University of Minnesota},
  url          = {https://canvas.umn.edu/courses/519564/files/56708798?module_item_id=15541087},
  urldate      = {2024-10-21}
}
@misc{corke_aerodynamics_presentation,
  author       = {Corke, T. C.},
  title        = {Aerodynamics of Wind Turbines},
  howpublished = {Lecture presentation (PDF)},
  year         = {2014},
  note         = {Department of Aerospace and Mechanical Engineering, University of Notre Dame},
  url          = {https://www3.nd.edu/~tcorke/w.windturbinecourse/Aerodynamics_Presentation.pdf},
  urldate      = {2024-06-04}
}
